<record xmlns="http://www.loc.gov/MARC21/slim">
   <leader>03070cam a2200457 i 4500</leader>
   <controlfield tag="001">6742902</controlfield>
   <controlfield tag="003">OCoLC</controlfield>
   <controlfield tag="005">20141114145833.0</controlfield>
   <controlfield tag="008">140227t20152015caua     b    001 0 eng d</controlfield>
   <datafield ind1=" " ind2=" " tag="010">
      <subfield code="a">  2014934498</subfield>
   </datafield>
   <datafield ind1=" " ind2=" " tag="020">
      <subfield code="a">148335072X</subfield>
   </datafield>
   <datafield ind1=" " ind2=" " tag="020">
      <subfield code="a">9781483350721 (pbk.)</subfield>
   </datafield>
   <datafield ind1=" " ind2=" " tag="035">
      <subfield code="a">ocn861323343</subfield>
   </datafield>
   <datafield ind1=" " ind2=" " tag="040">
      <subfield code="a">YDXCP</subfield>
      <subfield code="b">eng</subfield>
      <subfield code="e">rda</subfield>
      <subfield code="c">YDXCP</subfield>
      <subfield code="d">DLC</subfield>
      <subfield code="d">BTCTA</subfield>
      <subfield code="d">BDX</subfield>
      <subfield code="d">YBM</subfield>
      <subfield code="d">IAI</subfield>
      <subfield code="d">EYP</subfield>
      <subfield code="d">OCLCF</subfield>
      <subfield code="d">UAB</subfield>
   </datafield>
   <datafield ind1=" " ind2=" " tag="042">
      <subfield code="a">lccopycat</subfield>
   </datafield>
   <datafield ind1=" " ind2=" " tag="043">
      <subfield code="a">n-us---</subfield>
   </datafield>
   <datafield ind1="0" ind2="0" tag="050">
      <subfield code="a">HV6529</subfield>
      <subfield code="b">.F685 2015</subfield>
   </datafield>
   <datafield ind1="0" ind2="4" tag="082">
      <subfield code="a">364.152/30973</subfield>
      <subfield code="2">23</subfield>
   </datafield>
   <datafield ind1=" " ind2=" " tag="090">
      <subfield code="a">HV 6529 F685 2015</subfield>
      <subfield code="b">AEU</subfield>
   </datafield>
   <datafield ind1=" " ind2=" " tag="090">
      <subfield code="a">HV6529 .F685 2015</subfield>
      <subfield code="b">AEGMCT</subfield>
   </datafield>
   <datafield ind1="1" ind2=" " tag="100">
      <subfield code="a">Fox, James Alan,</subfield>
      <subfield code="e">author.</subfield>
   </datafield>
   <datafield ind1="1" ind2="0" tag="245">
      <subfield code="a">Extreme killing :</subfield>
      <subfield code="b">understanding serial and mass murder /</subfield>
      <subfield code="c">James Alan Fox, Jack Levin (Northeastern University).</subfield>
   </datafield>
   <datafield ind1=" " ind2=" " tag="250">
      <subfield code="a">Third Edition.</subfield>
   </datafield>
   <datafield ind1=" " ind2="1" tag="264">
      <subfield code="a">Thousand Oaks, California :</subfield>
      <subfield code="b">Sage Publications,</subfield>
      <subfield code="c">[2015]</subfield>
   </datafield>
   <datafield ind1=" " ind2="4" tag="264">
      <subfield code="c">©2015</subfield>
   </datafield>
   <datafield ind1=" " ind2=" " tag="300">
      <subfield code="a">xiii, 345 pages :</subfield>
      <subfield code="b">illustrations ;</subfield>
      <subfield code="c">26 cm</subfield>
   </datafield>
   <datafield ind1=" " ind2=" " tag="336">
      <subfield code="a">text</subfield>
      <subfield code="b">txt</subfield>
      <subfield code="2">rdacontent</subfield>
   </datafield>
   <datafield ind1=" " ind2=" " tag="336">
      <subfield code="a">still image</subfield>
      <subfield code="b">sti</subfield>
      <subfield code="2">rdacontent</subfield>
   </datafield>
   <datafield ind1=" " ind2=" " tag="337">
      <subfield code="a">unmediated</subfield>
      <subfield code="b">n</subfield>
      <subfield code="2">rdamedia</subfield>
   </datafield>
   <datafield ind1=" " ind2=" " tag="338">
      <subfield code="a">volume</subfield>
      <subfield code="b">nc</subfield>
      <subfield code="2">rdacarrier</subfield>
   </datafield>
   <datafield ind1=" " ind2=" " tag="504">
      <subfield code="a">Includes bibliographical references (pages 307-319) and index.</subfield>
   </datafield>
   <datafield ind1="0" ind2=" " tag="505">
      <subfield code="a">Multiple Murder. America's fascination with multiple murder ; Defining multiple murder -- Serial Murder. An anatomy of serial murder ; With deliberation and purpose ; Murder without guilt ; Partners in murder ; Killing for company ; Fantasyland ; The making of a serial killer ; Nonsexual control ; Killing cults ; So many victims -- Massacres. For love, money, or revenge ; Family annihilation ; Firing back ; Schooled in mass murder ; Fighting city hall ; Hate motivated mass murder ; Going berserk ; Weapons of mass (murder) destruction -- Epilogue. Remembering the victims.</subfield>
   </datafield>
   <datafield ind1=" " ind2=" " tag="520">
      <subfield code="a">Filled with contemporary and classic case studies, this fascinating overview of both serial and mass murder illustrates the many violent expressions of power, revenge, terror, greed, and loyalty. Throughout the book, renowned experts James Alan Fox and Jack Levin examine the theories of criminal behavior and apply them to a multitude of mass and serial murderers from around the world, such as Adam Lanza (Newtown, CT), James Holmes (Aurora, CO cinema), Anders Breivik (Oslo, Norway), Charles Manson ("Helter Skelter"), and Dennis Rader (BTK). This fully updated Third Edition of Extreme Killing helps readers understand the commonalities and variations among multiple murders, addresses the characteristics of both killers and their victims, and, in the concluding chapter, discusses the special concerns of multiple murder victims and their survivors.--Publisher's description.</subfield>
   </datafield>
   <datafield ind1=" " ind2=" " tag="596">
      <subfield code="a">43</subfield>
   </datafield>
   <datafield ind1=" " ind2="0" tag="650">
      <subfield code="a">Serial murders</subfield>
      <subfield code="z">United States.</subfield>
   </datafield>
   <datafield ind1=" " ind2="0" tag="650">
      <subfield code="a">Serial murders</subfield>
      <subfield code="z">United States</subfield>
      <subfield code="v">Case studies.</subfield>
   </datafield>
   <datafield ind1=" " ind2="0" tag="650">
      <subfield code="a">Mass murder</subfield>
      <subfield code="z">United States.</subfield>
   </datafield>
   <datafield ind1=" " ind2="0" tag="650">
      <subfield code="a">Mass murder</subfield>
      <subfield code="z">United States</subfield>
      <subfield code="v">Case studies.</subfield>
   </datafield>
   <datafield ind1="1" ind2=" " tag="700">
      <subfield code="a">Levin, Jack,</subfield>
      <subfield code="d">1941-</subfield>
   </datafield>
   <datafield ind1=" " ind2=" " tag="949">
      <subfield code="a">HV 6529 F685 2015</subfield>
      <subfield code="c">1</subfield>
      <subfield code="h">UAHS-B</subfield>
      <subfield code="i">0162035191541</subfield>
   </datafield>
   <datafield ind1=" " ind2=" " tag="926">
      <subfield code="a">HV 6529 F685 2015</subfield>
      <subfield code="w">LC</subfield>
      <subfield code="c">1</subfield>
      <subfield code="i">0162035191541</subfield>
      <subfield code="l">ON_SHELF</subfield>
      <subfield code="m">UAHSS</subfield>
      <subfield code="p">$150.00</subfield>
      <subfield code="r">Y</subfield>
      <subfield code="s">Y</subfield>
      <subfield code="t">BOOK</subfield>
      <subfield code="u">11/26/2014</subfield>
   </datafield>
</record>
